@article{mnist,
  title={ "Gradient-based learning applied to document recognition." },
  author={Yann LeCun,Corinna Cortes, Christopher J.C. Burges},
  year={November 1998},
  publisher={Proceedings of the IEEE, 86(11):2278-2324}
}
@article{iris,
title={"iris dataset"},
author = {R.A. Fisher,Michael Marshall},
year = {1936}
}

@article{lecun1998gradient,
  title={Gradient-based learning applied to document recognition},
  author={LeCun, Yann and Bottou, L{\'e}on and Bengio, Yoshua and Haffner, Patrick},
  journal={Proceedings of the IEEE},
  volume={86},
  number={11},
  pages={2278--2324},
  year={1998},
  publisher={IEEE}
}

@article{sabour2017dynamic,
  title={Dynamic Routing Between Capsules},
  author={Sabour, Sara and Frosst, Nicholas and Hinton, Geoffrey E},
  journal={arXiv preprint arXiv:1710.09829},
  year={2017}
}

@article{scikit-learn,
 title={Scikit-learn: Machine Learning in {P}ython},
 author={Pedregosa, F. and Varoquaux, G. and Gramfort, A. and Michel, V.
         and Thirion, B. and Grisel, O. and Blondel, M. and Prettenhofer, P.
         and Weiss, R. and Dubourg, V. and Vanderplas, J. and Passos, A. and
         Cournapeau, D. and Brucher, M. and Perrot, M. and Duchesnay, E.},
 journal={Journal of Machine Learning Research},
 volume={12},
 pages={2825--2830},
 year={2011}
}

@Article{pytorch,
title={"Pytorch:deep learning in {P}ython"},
author={Apaszke,Soumith,Colesbury},
note="\url{https://github.com/pytorch}",
year=2017
}
@article{reynolds2015gaussian,
  title={Gaussian mixture models},
  author={Reynolds, Douglas},
  journal={Encyclopedia of biometrics},
  pages={827--832},
  year={2015},
  publisher={Springer}
}
@article{hartigan1979algorithm,
  title={Algorithm AS 136: A k-means clustering algorithm},
  author={Hartigan, John A and Wong, Manchek A},
  journal={Journal of the Royal Statistical Society. Series C (Applied Statistics)},
  volume={28},
  number={1},
  pages={100--108},
  year={1979},
  publisher={JSTOR}
}

@book{bishop2006pattern,
  title={Pattern recognition and machine learning},
  author={Bishop, Christopher M},
  year={2006},
  publisher={springer}
}