@article{mnist,
  title={ "Gradient-based learning applied to document recognition." },
  author={Yann LeCun,Corinna Cortes, Christopher J.C. Burges},
  year={November 1998},
  publisher={Proceedings of the IEEE, 86(11):2278-2324}
}
@inproceedings{buettner2006x,
  title={X-MAC: a short preamble MAC protocol for duty-cycled wireless sensor networks},
  author={Buettner, Michael and Yee, Gary V and Anderson, Eric and Han, Richard},
  booktitle={Proceedings of the 4th international conference on Embedded networked sensor systems},
  pages={307--320},
  year={2006},
  organization={ACM}
}
